@book{klein2003,
  author    = {Klein, John P. and Moeschberger, Melvin L.},
  title     = {Survival Analysis: Techniques for Censored and Truncated Data},
  publisher = {Springer},
  year      = {2003},
  edition   = {2nd},
  isbn      = {978-0387953991}
}

@book{therneau2000,
  author    = {Therneau, Terry M. and Grambsch, Patricia M.},
  title     = {Modeling Survival Data: Extending the Cox Model},
  publisher = {Springer},
  year      = {2000},
  isbn      = {978-0387987842}
}

@article{harrington1982,
  author    = {David P. Harrington and Thomas R. Fleming},
  title     = {A class of rank test procedures for censored survival data},
  journal   = {Biometrika},
  year      = {1982},
  volume    = {69},
  number    = {3},
  pages     = {553--566},
  doi       = {10.1093/biomet/69.3.553},
  publisher = {Oxford University Press}
}
@book{moore2016,
  author    = {Dirk F. Moore},
  title     = {Applied Survival Analysis Using R},
  year      = {2016},
  publisher = {Springer},
  series    = {Use R!},
  edition   = {2nd},
  doi       = {10.1007/978-3-319-31245-3},
  isbn      = {978-3-319-31244-6}
}
